@article{goodfellow2014explaining,
  title={Explaining and harnessing adversarial examples},
  author={Goodfellow, Ian J and Shlens, Jonathon and Szegedy, Christian},
  journal={arXiv preprint arXiv:1412.6572},
  year={2014}
}

@article{chen2017targeted,
  title={Targeted backdoor attacks on deep learning systems using data poisoning},
  author={Chen, Xinyun and Liu, Chang and Li, Bo and Lu, Kimberly and Song, Dawn},
  journal={arXiv preprint arXiv:1712.05526},
  year={2017}
}

@article{garcia2017review,
  title={A review on deep learning techniques applied to semantic segmentation},
  author={Garcia-Garcia, Alberto and Orts-Escolano, Sergio and Oprea, Sergiu and Villena-Martinez, Victor and Garcia-Rodriguez, Jose},
  journal={arXiv preprint arXiv:1704.06857},
  year={2017}
}

@article{li2021hidden,
  title={Hidden backdoor attack against semantic segmentation models},
  author={Li, Yiming and Li, Yanjie and Lv, Yalei and Jiang, Yong and Xia, Shu-Tao},
  journal={arXiv preprint arXiv:2103.04038},
  year={2021}
}

@inproceedings{deng2009imagenet,
  title={Imagenet: A large-scale hierarchical image database},
  author={Deng, Jia and Dong, Wei and Socher, Richard and Li, Li-Jia and Li, Kai and Fei-Fei, Li},
  booktitle={2009 IEEE conference on computer vision and pattern recognition},
  pages={248--255},
  year={2009},
  organization={Ieee}
}

@inproceedings{he2016deep,
  title={Deep residual learning for image recognition},
  author={He, Kaiming and Zhang, Xiangyu and Ren, Shaoqing and Sun, Jian},
  booktitle={Proceedings of the IEEE conference on computer vision and pattern recognition},
  pages={770--778},
  year={2016}
}

@article{zhou2019semantic,
  title={Semantic understanding of scenes through the ade20k dataset},
  author={Zhou, Bolei and Zhao, Hang and Puig, Xavier and Xiao, Tete and Fidler, Sanja and Barriuso, Adela and Torralba, Antonio},
  journal={International Journal of Computer Vision},
  volume={127},
  pages={302--321},
  year={2019},
  publisher={Springer}
}

@article{orvsic2021efficient,
  title={Efficient semantic segmentation with pyramidal fusion},
  author={Or{\v{s}}i{\'c}, Marin and {\v{S}}egvi{\'c}, Sini{\v{s}}a},
  journal={Pattern Recognition},
  volume={110},
  pages={107611},
  year={2021},
  publisher={Elsevier}
}

@article{lan2023influencer,
  title={Influencer backdoor attack on semantic segmentation},
  author={Lan, Haoheng and Gu, Jindong and Torr, Philip and Zhao, Hengshuang},
  journal={arXiv preprint arXiv:2303.12054},
  year={2023}
}

@article{badrinarayanan2017segnet,
  title={Segnet: A deep convolutional encoder-decoder architecture for image segmentation},
  author={Badrinarayanan, Vijay and Kendall, Alex and Cipolla, Roberto},
  journal={IEEE transactions on pattern analysis and machine intelligence},
  volume={39},
  number={12},
  pages={2481--2495},
  year={2017},
  publisher={IEEE}
}

@article{he2015spatial,
  title={Spatial pyramid pooling in deep convolutional networks for visual recognition},
  author={He, Kaiming and Zhang, Xiangyu and Ren, Shaoqing and Sun, Jian},
  journal={IEEE transactions on pattern analysis and machine intelligence},
  volume={37},
  number={9},
  pages={1904--1916},
  year={2015},
  publisher={IEEE}
}

@article{jeong2018towards,
  title={Towards a meaningful 3D map using a 3D lidar and a camera},
  author={Jeong, Jongmin and Yoon, Tae Sung and Park, Jin Bae},
  journal={Sensors},
  volume={18},
  number={8},
  pages={2571},
  year={2018},
  publisher={MDPI}
}

@inproceedings{cordts2016cityscapes,
  title={The cityscapes dataset for semantic urban scene understanding},
  author={Cordts, Marius and Omran, Mohamed and Ramos, Sebastian and Rehfeld, Timo and Enzweiler, Markus and Benenson, Rodrigo and Franke, Uwe and Roth, Stefan and Schiele, Bernt},
  booktitle={Proceedings of the IEEE conference on computer vision and pattern recognition},
  pages={3213--3223},
  year={2016}
}

@inproceedings{rafique2022cnn,
  title={CNN based multi-object segmentation and feature fusion for scene recognition},
  author={Rafique, Adnan Ahmed and Ghadi, Yazeed Yasin and Alsuhibany, Suliman A and Chelloug, Samia Allaoua and Jalal, Ahmad and Park, Jeongmin},
  booktitle={Proceedings of the Conference on Membrane Computing, Chandler, AZ, USA},
  pages={27--29},
  year={2022}
}

@article{madry2017towards,
  title={Towards deep learning models resistant to adversarial attacks},
  author={Madry, Aleksander and Makelov, Aleksandar and Schmidt, Ludwig and Tsipras, Dimitris and Vladu, Adrian},
  journal={arXiv preprint arXiv:1706.06083},
  year={2017}
}

@inproceedings{rahman2016optimizing,
  title={Optimizing intersection-over-union in deep neural networks for image segmentation},
  author={Rahman, Md Atiqur and Wang, Yang},
  booktitle={International symposium on visual computing},
  pages={234--244},
  year={2016},
  organization={Springer}
}

@article{dice1945measures,
  title={Measures of the amount of ecologic association between species},
  author={Dice, Lee R},
  journal={Ecology},
  volume={26},
  number={3},
  pages={297--302},
  year={1945},
  publisher={JSTOR}
}

@inproceedings{xiao2010sun,
  title={Sun database: Large-scale scene recognition from abbey to zoo},
  author={Xiao, Jianxiong and Hays, James and Ehinger, Krista A and Oliva, Aude and Torralba, Antonio},
  booktitle={2010 IEEE computer society conference on computer vision and pattern recognition},
  pages={3485--3492},
  year={2010},
  organization={IEEE}
}

@article{zhou2017places,
  title={Places: A 10 million image database for scene recognition},
  author={Zhou, Bolei and Lapedriza, Agata and Khosla, Aditya and Oliva, Aude and Torralba, Antonio},
  journal={IEEE transactions on pattern analysis and machine intelligence},
  volume={40},
  number={6},
  pages={1452--1464},
  year={2017},
  publisher={IEEE}
}

@article{bevandic2020multi,
  title={Multi-domain semantic segmentation with pyramidal fusion},
  author={Bevandi{\'c}, Petra and Or{\v{s}}i{\'c}, Marin and Grubi{\v{s}}i{\'c}, Ivan and {\v{S}}ari{\'c}, Josip and {\v{S}}egvi{\'c}, Sini{\v{s}}a},
  journal={arXiv preprint arXiv:2009.01636},
  year={2020}
}